@techreport{rfc-pem,
	author = "J. Linn",
	title = "{Privacy Enhancement for Internet Electronic Mail: Part I: Message Encryption and Authentication Procedures}",
	howpublished = {Internet Requests for Comments},
	type="{RFC}",
	number=1421,
	year = {1993},
	month = {February},
	publisher = "{Internet Engineering Task Force (IETF)}",
	institution = "{Internet Engineering Task Force (IETF)}",
	url={http://www.ietf.org/rfc/rfc1421.txt}
}

@techreport{fips-202-sha3,
	author={Morris J. Dworkin},
	title={{SHA-3 standard: Permutation-based hash and extendable-output functions}},
	howpublished = {FIPS PUB},
	publisher={National Institute for Standards and Technology (NIST)},
	institution={National Institute for Standards and Technology (NIST)},
	type={NIST FIPS},
	number={202},
	year={2015},
	url={https://www.nist.gov/publications/sha-3-standard-permutation-based-hash-and-extendable-output-functions}
}

@techreport{fips-186-4-dss,
	title={{Digital Signature Standard (DSS)}},
	howpublished = {FIPS PUB},
	publisher={National Institute for Standards and Technology (NIST)},
	institution={National Institute for Standards and Technology (NIST)},
	type={NIST FIPS},
	number={186-4},
	year={2013},
	url={https://nvlpubs.nist.gov/nistpubs/FIPS/NIST.FIPS.186-4.pdf}
}
